%%%%%%%%%%%%%%%%%%%%%%%%%%%%%%%%%%%%%%%%%%%%%%%%%%%%%%%%%%%%%%%%%%%%%%%%%%%%%%%%%%%%%%%%%%%%%%%%%%%%%


@INPROCEEDINGS{Zitzler98on,
    author = {Eckart Zitzler and Lothar Thiele},
    title = {Multiobjective Optimization Using Evolutionary Algorithms - A Comparative Case Study},
    booktitle = {},
    year = {1998},
    pages = {292--301},
    publisher = {Springer}
}




%%%%%%%%%%%%%%%%%%%%%%%%%%%%%%%%%%%%%%%%%%%%%%%%%%%%%%%%%%%%%%%%%%%%%%%%%%%%%%%%%%%%%%%%%%%%%%%%%%%%%%%%%%%%%%%%%%%%%%%%%%%%%%
%%%%%%%%%%%%%%%%%%%%%%%%%%%%%%%%%%%%%%%%%%%%%%%%%%%%%%%%%%%%%%%%%%%%%%%%%%%%%%%%%%%%%%%%%%%%%%%%%%%%%%%%%%%%%%%%%%%%%%%%%%%%%%








@PHDTHESIS{Bader09a,
  author = {Johannes M. {Bader}},
  title = {{Hypervolume-Based Search for Multiobjective Optimization: Theory
	and Methods}},
  school = {Computer Engineering and Networks Laboratory, Swiss Federal Institute
	of Technology Z\"{u}rich},
  year = {2009},
  address = {Z\"{u}rich, Switzerland}
}

@INCOLLECTION{Brockhoff08a,
  author = {Dimo {Brockhoff} and Tobias {Friedrich} and Frank {Neumann}},
  title = {{Analyzing Hypervolume Indicator Based Algorithms}},
  booktitle = {Parallel Problem Solving from Nature},
  publisher = {Springer. Lecture Notes in Computer Science Vol. 5199},
  year = {2008},
  editor = {G\"{u}nter Rudolph and Thomas Jansen and Simon Lucas and Carlo Poloni
	and Nicola Beume},
  pages = {651--660},
  address = {Dortmund, Germany},
  month = {September}
}

@article{Bringmann12,
  author = {Bringmann, Karl and Friedrich, Tobias},
  journal = {CoRR},
  title = {Approximating the least hypervolume contributor: NP-hard in general, but fast in practice},
  url = {http://dblp.uni-trier.de/db/journals/corr/corr0812.html#abs-0812-2636},
  volume = {abs/0812.2636},
  year = {2008},
  keywords = {dblp}
}




%%%%%%%%%%%%%%%%%%%%%%%%%%%%%%%%%%%%%%%%%%%%%%%%%%%%%%%%%%%%%%%%%%%%%%%%%%%%%%%%%%%%%%%%%%%%%%%%%%%%%%%%%%%%%%%%%%%%%%%%%%%%%%
%%%%%%%%%%%%%%%%%%%%%%%%%%%%%%%%%%%%%%%%%%%%%%%%%%%%%%%%%%%%%%%%%%%%%%%%%%%%%%%%%%%%%%%%%%%%%%%%%%%%%%%%%%%%%%%%%%%%%%%%%%%%%%



@ARTICLE{Coello06a,
  author = {Carlos A. {Coello Coello}},
  title = {{Evolutionary Multiobjective Optimization: A Historical View of the
	Field}},
  journal = {IEEE Computational Intelligence Magazine},
  year = {2006},
  volume = {1},
  pages = {28--36},
  number = {1},
  month = {February}
}

@ARTICLE{Coello00f,
  author = {Carlos A. {Coello Coello}},
  title = {{An {U}pdated {S}urvey of {GA}-{B}ased {M}ultiobjective {O}ptimization
	{T}echniques}},
  journal = {ACM Computing Surveys},
  year = {2000},
  volume = {32},
  pages = {109--143},
  number = {2},
  month = {June}
}

@ARTICLE{MEckart04,
  author = {Eckart {Zitzler}, and Lothar {Thiele}, and Marco {Laumanns}, and
	Carlos M. {Fonseca} and Viviane Grunert {da Fonseca}},
  title = {{Performance Assessment of Multiobjective Optimizers: An Analysis
	and Review}},
  journal = {IEEE Transactions Evolutionary Computation},
  year = {2003},
  volume = {7},
  pages = {117-132},
  number = {2},
  bibsource = {DBLP, http://dblp.uni-trier.de},
  ee = {http://dx.doi.org/10.1109/TEVC.2003.810758}
}

@PHDTHESIS{Manuel01,
  author = {Jos\'e Manuel {Garc\'ia Nieto}},
  title = {{Algoritmos Basados en C\'umulos de Part\'iculas Para la Resoluci\'on de
	Problemas Complejos}},
  school = {Computer Engineering and Networks Laboratory, Swiss Federal Institute
	of Technology Z\"{u}rich},
  year = {2006},
  address = {The TRACER project}
}

@INPROCEEDINGS{SM11,
  author = {Sanaz Mostaghim and J\"{u}rgen Teich and Ambrish Tyagi},
  title = {{Comparison of {D}ata {S}tructures for {S}toring {P}areto-sets in
	{MOEA}s}},
  booktitle = {Congress on Evolutionary Computation (CEC'2002)},
  year = {2002},
  volume = {1},
  pages = {843--848},
  address = {Piscataway, New Jersey},
  month = {May},
  publisher = {IEEE Service Center}
}




@INPROCEEDINGS{Eberhart11,
  author = {R. C. {Eberhart}, and Y. {Shi}},
  title = {{Comparing Inertia Weights and Constriction Factors in Particle Swarm
	Optimization}},
  booktitle = {Proceedings of the 2000 Congress on Evolutionary Computation},
  year = {2000},
  volume = {1},
  pages = {84--88},
  journal = {Evolutionary Computation},
  keywords = {pso},
  url = {http://dx.doi.org/10.1109/CEC.2000.870279}
}



@INPROCEEDINGS{Rudolph00,
  author = {G\"{u}nter Rudolph and Alexandru Agapie},
  title = {{Convergence {P}roperties of {S}ome {M}ulti-{O}bjective {E}volutionary
	{A}lgorithms}},
  booktitle = {Proceedings of the 2000 Conference on Evolutionary Computation},
  year = {2000},
  volume = {2},
  pages = {1010--1016},
  address = {Piscataway, New Jersey},
  month = {July},
  publisher = {IEEE Press}
}



@INPROCEEDINGS{zt1998b,
  author = {Zitzler, Eckart and Thiele, Lothar},
  title = {{Multiobjective Optimization Using Evolutionary Algorithms: A Comparative
	Case Study}},
  booktitle = {Proceedings of the 5th International Conference on Parallel Problem
	Solving from Nature},
  year = {1998},
  series = {PPSN V},
  pages = {292--304},
  address = {London, UK},
  publisher = {Springer-Verlag},
  acmid = {668610},
  isbn = {3-540-65078-4},
  numpages = {13},
  url = {http://dl.acm.org/citation.cfm?id=645824.668610}
}

@PHDTHESIS{Zitzler01,
  author = {Eckart {Zitzler}},
  title = {{Evolutionary Algorithms for Multiobjective Optimization: Methods
	and Applications}},
  school = {Computer Engineering and Networks Laboratory, Swiss Federal Institute
	of Technology Z\"{u}rich},
  year = {1999},
  address = {Z\"{u}rich, Switzerland}
}

@INPROCEEDINGS{Zitzler04a,
  author = {Eckart {Zitzler} and Simon {K{\"u}nzli}},
  title = {{Indicator-based {S}election in {M}ultiobjective {S}earch}},
  booktitle = {Parallel Problem Solving from Nature - PPSN VIII},
  year = {2004},
  editor = {Xin Yao et al.},
  pages = {832--842},
  address = {Birmingham, UK},
  month = {September},
  publisher = {Springer-Verlag. Lecture Notes in Computer Science Vol. 3242}
}

@ARTICLE{Zitzler02,
  author = {Eckart {Zitzler}  and L. {Thiele}},
  title = {{Multiobjective Evolutionary Algorithms: A Comparative Case Study
	and the Strength Pareto Approach}},
  journal = {IEEE Transactions on Evolutionary Computation},
  year = {1999},
  volume = {3},
  pages = {257-271},
  number = {4},
  month = {November},
  added-at = {2009-12-14T10:56:13.000+0100},
  biburl = {http://www.bibsonomy.org/bibtex/2d50075cffe48594bae066a1ac727a466/danfunky},
  doi = {10.1109/4235.797969},
  file = {Paper:articles\\zitzler1999.pdf:PDF},
  interhash = {7a9d8363ab3b00b56b2ca4717a00286f},
  intrahash = {d50075cffe48594bae066a1ac727a466},
  keywords = {0/1 Pareto algorithms, approach clustering computation, conflicting
	continuously digital diversity, dominance evolutionary extended hardware-software
	knapsack multiobjective multiprocessor nondominated objectives, optimisationPareto
	optimization, population population, problem, problems, procedure,
	relationship, solutions, strength system, updated},
  owner = {D047718},
  review = {The paper describes an algorithm for multi-objektive EA called SPEA:
	
	
	all non-dominated solutions are stored externally. the fitness assignment
	is solely based upon the external solution store.
	
	
	the algorithm is shown to perform exceptionally well. zitzler et al.
	(2000) confim this strongly. Tan et al. (2001) come to the same conclusion,
	but less strongly},
  timestamp = {2009-12-14T10:56:13.000+0100}
}

@Article{shark08,
  author = {Christian Igel and Tobias Glasmachers and Verena Heidrich-Meisner},
  title = {Shark},
  journal = {Journal of Machine Learning Research},
  year = {2008},
  volume = {9},
  pages = {993-996},
}




@ARTICLE{Baumgartner1284627, 
author={Baumgartner, U. and Magele, Ch. and Renhart, W.}, 
journal={Magnetics, IEEE Transactions on}, 
title={Pareto optimality and particle swarm optimization}, 
year={2004}, 
month={march}, 
volume={40}, 
number={2}, 
pages={ 1172 - 1175}, 
keywords={ Pareto optimality; Pareto-optimal front; decision-making schemes; maximization; minimization; multiobjective optimization; particle swarm optimization; real-world optimization; stochastic optimization; vector optimization problems; weighted sums; decision making; optimisation; stochastic processes;}, 
doi={10.1109/TMAG.2004.825430}, 
ISSN={0018-9464},}


@MISC{Hu02multiobjectiveoptimization,
    author = {Xiaohui Hu and Russell C. Eberhart},
    title = {Multiobjective Optimization Using Dynamic Neighborhood Particle Swarm Optimization},
    year = {2002}
}

@INPROCEEDINGS{Parsopoulos04,
    author = {K. E. Parsopoulos and D. K. Tasoulis and M. N. Vrahatis and Key Words},
    title = {Multiobjective Optimization Using Parallel Vector Evaluated Particle Swarm Optimization},
    booktitle = {In Proceedings of the IASTED International Conference on Artificial Intelligence and Applications (AIA 2004},
    year = {2004},
    pages = {823--828},
    publisher = {ACTA Press}
}
@INPROCEEDINGS{Chow1330938, 
author={Chi-kin Chow and Hung-tat Tsui}, 
booktitle={Evolutionary Computation, 2004. CEC2004. Congress on}, 
title={Autonomous agent response learning by a multi-species particle swarm optimization}, 
year={2004}, 
month={june}, 
volume={1}, 
number={}, 
pages={ 778 - 785 Vol.1}, 
keywords={ autonomous agent response learning; multispecies PSO; objective function set; particle swarm optimization; response function; learning (artificial intelligence); multi-agent systems; optimisation;}, 
doi={10.1109/CEC.2004.1330938}, 
ISSN={ },}

@INPROCEEDINGS{ li:better,
AUTHOR = "Xiaodong Li",
TITLE = "Better Spread and Convergence: Particle Swarm Multiobjective Optimization Using the Maximin Fitness Function.",
booktitle = "GECCO (1)'04",
PAGES = {117-128},
YEAR = {2004}  }


@INPROCEEDINGS{Zhan5402950, 
author={Zhan Si Jiang and Jia Wei Xiang and Hui Jiang}, 
booktitle={Genetic and Evolutionary Computing, 2009. WGEC '09. 3rd International Conference on}, 
title={Multi-objective Particle Swarm Optimization Method Based on Fitness Function and Sequence Approximate Model}, 
year={2009}, 
month={oct.}, 
volume={}, 
number={}, 
pages={44 -47}, 
keywords={Pareto fitness function;Pareto multiobjective particle swarm optimization;evolutionary iterative calculation;global extremum particles;heuristic search methods;sequence approximate model;Pareto optimisation;particle swarm optimisation;search problems;}, 
doi={10.1109/WGEC.2009.115}, 
ISSN={},}

@INPROCEEDINGS{Zhang1299388, 
author={Zhang, L.B. and Zhou, C.G. and Liu, X.H. and Ma, Z.Q. and Ma, M. and Liang, Y.C.}, 
booktitle={Evolutionary Computation, 2003. CEC '03. The 2003 Congress on}, 
title={Solving multi objective optimization problems using particle swarm optimization}, 
year={2003}, 
month={dec.}, 
volume={4}, 
number={}, 
pages={ 2400 - 2405 Vol.4}, 
keywords={ Pareto optimal set; genetic algorithm; multiobjective optimization problem; numerical simulation; particle swarm optimization; search problem; Pareto optimisation; evolutionary computation; genetic algorithms; search problems;}, 
doi={10.1109/CEC.2003.1299388}, 
ISSN={ },}






@inproceedings{Mahfouf04,
   author = {Mahdi Mahfouf and Min-You Chen and Derek Arturh Linkens},
   title = {Adaptive {W}eighted {P}article {S}warm {O}ptimisation for
   {M}ulti-objective {O}ptimal {D}esign of {A}lloy {S}teels},
   booktitle = {Parallel Problem Solving from Nature - PPSN VIII},
   pages = {762--771},
   publisher = {Springer-Verlag. Lecture Notes in Computer Science Vol. 3242},
   month = {September},
   address = {Birmingham, UK},
   year = {2004}
}
